@inproceedings{zermelo1913anwendung,
  title={{\"U}ber eine Anwendung der Mengenlehre auf die Theorie des Schachspiels},
  author={Zermelo, Ernst},
  booktitle={Proceedings of the fifth international congress of mathematicians},
  volume={2},
  pages={501--504},
  year={1913},
  organization={Cambridge University Press Cambridge}
}

@book{feda_manual_2021,
  author = {Federación Española De Ajedrez},
  title = {Manual de la FEDA},
  date = {2021},
  language = {Español},
  version = {},
  year = {2021},
  pagetotal = {429},
  url = {https://feda.org/feda2k16/wp-content/uploads/Manual-2021-V3-final.pdf},
}

@article{schwalbe2001zermelo,
  title={Zermelo and the early history of game theory},
  author={Schwalbe, Ulrich and Walker, Paul},
  journal={Games and economic behavior},
  volume={34},
  number={1},
  pages={123--137},
  year={2001},
  publisher={Elsevier}
}

@book{dimand1996history,
  title={The history of game theory, volume 1: from the beginnings to 1945},
  author={Dimand, Mary-Ann and Dimand, Robert W},
  volume={1},
  year={1996},
  publisher={Routledge}
}

@book{dimand1997foundations,
  title={The foundations of game theory},
  author={Dimand, Mary A and Dimand, Robert},
  year={1997},
  publisher={Edward Elgar Publishing}
}

@article{benacerraf1973mathematical,
  title={Mathematical truth},
  author={Benacerraf, Paul},
  journal={The Journal of Philosophy},
  volume={70},
  number={19},
  pages={661--679},
  year={1973},
  publisher={JSTOR}
}

@book{binmore1994teoria,
  title={Teor{\'\i}a de juegos},
  author={Binmore, Ken},
  year={1994},
  publisher={McGraw-Hill},
}

@book{ganzo1966historia,
  title={Historia general del ajedrez},
  author={Ganzo, Julio Medavilla},
  year={1966},
  publisher={Ricardo Aguilera}
}

@book{huizinga2020homo,
  title={Homo ludens},
  author={Huizinga, Johan},
  year={2020},
  publisher={Editora Perspectiva SA}
}

@book{hale2012philosophy,
  title={Philosophy looks at chess},
  author={Hale, Benjamin},
  year={2012},
  publisher={Open court}
}

@article{mcgee1997we,
  title={How we learn mathematical language},
  author={McGee, Vann},
  journal={The Philosophical Review},
  volume={106},
  number={1},
  pages={35--68},
  year={1997},
  publisher={JSTOR}
}

@book{montano2013explaining,
  title={Explaining beauty in mathematics: An aesthetic theory of mathematics},
  author={Montano, Ulianov},
  volume={370},
  year={2013},
  publisher={Springer}
}

@book{cohnitz2019introduction,
  title={An introduction to the philosophy of logic},
  author={Cohnitz, Daniel and Estrada-Gonz{\'a}lez, Luis},
  year={2019},
  publisher={Cambridge University Press}
}

@article{rayo2004puzzle,
  title={A puzzle for structuralism},
  author={Rayo, Agust{\i}n and Uzquiano, Gabriel},
  journal={Unpublished typescript},
  year={2004}
}

@article{rementeria2020factor,
  title={El factor est{\'e}tico en la automatizaci{\'o}n de tareas l{\'o}gicas: el caso del ajedrez},
  author={Rementeria-Sanz, Santiago, et all},
  journal={Artnodes},
  number={26},
  pages={1--10},
  year={2020},
  publisher={Universitat Oberta de Catalunya}
}

@book{shapiro2000thinking,
  title={Thinking about mathematics: The philosophy of mathematics},
  author={Shapiro, Stewart},
  year={2000},
  publisher={OUP Oxford}
}

@article{siitonen1998philosophical,
  title={On the philosophical dimensions of chess},
  author={Siitonen, Arto},
  journal={Inquiry},
  volume={41},
  number={4},
  pages={455--475},
  year={1998},
  publisher={Taylor \& Francis}
}

@book{smullyan2012chess,
  title={The Chess Mysteries of Sherlock Holmes: Fifty Tantalizing Problems of Chess Detection},
  author={Smullyan, Raymond M},
  year={2012},
  publisher={Courier Corporation}
}

@book{torres2014bloomsbury,
  title={The Bloomsbury companion to the philosophy of sport},
  author={Torres, C{\'e}sar R},
  year={2014},
  publisher={A\&C Black}
}

@article{von1947theory,
  title={Theory of games and economic behavior, 2nd rev},
  author={Von Neumann, John and Morgenstern, Oskar},
  year={1947},
  publisher={Princeton university press}
}

@book{zermelo2010ernst,
  title={Ernst Zermelo-Collected Works/Gesammelte Werke: Volume I/Band I-Set Theory, Miscellanea/Mengenlehre, Varia},
  author={Zermelo, Ernst},
  volume={21},
  year={2010},
  publisher={Springer Science \& Business Media}
}

@book{aumann2019lectures,
  title={Lectures on game theory},
  author={Aumann, Robert J},
  year={2019},
  publisher={CRC Press}
}

@article{binmore1992fun,
  title={Fun and games},
  author={Binmore, Ken},
  journal={A text on game theory},
  year={1992},
  publisher={DC Heath}
}

@book{mas1995microeconomic,
  title={Microeconomic theory},
  author={Mas-Colell, Andreu and Whinston, Michael Dennis and Green, Jerry R, et all},
  volume={1},
  year={1995},
  publisher={Oxford university press New York}
}

@article{schaeffer2007checkers,
  title={Checkers is solved},
  author={Schaeffer, Jonathan and Burch, Neil and Bjornsson, Yngvi and Kishimoto, Akihiro and Muller, Martin and Lake, Robert and Lu, Paul and Sutphen, Steve},
  journal={science},
  volume={317},
  number={5844},
  pages={1518--1522},
  year={2007},
  publisher={American Association for the Advancement of Science}
}

@article{stewart2000fractal,
  title={A fractal guide to tic-tac-toe},
  author={Stewart, Ian},
  journal={Scientific American},
  volume={283},
  number={2},
  pages={86--88},
  year={2000},
  publisher={JSTOR}
}

@article{miah2008deep,
  title={A Deep Blue grasshopper. Playing games with artificial intelligence},
  author={Miah, Andy},
  journal={Philosophy looks at chess},
  pages={13--24},
  year={2008},
  publisher={Open Court Chicago}
}

@article{campbell2002deep,
  title={Deep blue},
  author={Campbell, Murray and Hoane Jr, A Joseph and Hsu, Feng-hsiung},
  journal={Artificial intelligence},
  volume={134},
  number={1-2},
  pages={57--83},
  year={2002},
  publisher={Elsevier}
}

@book{marshall2002my,
  title={My Fifty Years of Chess},
  author={Marshall, F.J.},
  isbn={9781843820536},
  year={2002},
  publisher={Hardinge Simpole Publishing}
}

@book{golombek1976history,
  title={A History of Chess},
  author={Golombek, H.},
  isbn={9780710082664},
  lccn={77361114},
  year={1976},
  publisher={Routledge and Kegan Paul}
}

@book{mason2002cold,
  title={The cold war: 1945-1991},
  author={Mason, John},
  year={2002},
  publisher={Routledge}
}

@misc{winter_is_coming,
  author    = {Kasparov, Garry and Robert G. Kaiser and Joanne J. Myers},
  title     = {Winter is Coming: Why Vladimir Putin and the Enemies of the Free World Must be Stopped},
  year      = {2016},
  url       = {https://media-1.carnegiecouncil.org/cceia/import/studio/Winter_is_Coming.pdf},
}

@misc{gm_haciendotrampa,
  author   = {},
  title = {El gran maestro de ajedrez que fue sorprendido haciendo trampa en el baño},
  year = {2015},
  url = {https://www.proceso.com.mx/opinion/2022/10/2/mas-sobre-los-tramposos-en-ajedrez-294422.html},
}

@misc{marca_niemann_trampa,
  author = {},
  title = {Niemann reconoce que hizo trampas hace años pero no ante Carlsen: "Si quieren juego desnudo"},
  year = {2022},
  url = {https://www.marca.com/ajedrez/2022/09/07/63185d4c46163fe3b68b45ba.html},
}

@misc{comunicado_carlsen,
  author = {Magnus Carlsen},
  title  =  {My statement regarding the last few weeks},
  year =  {26 de  septiembre 2022},
  url = {https://twitter.com/MagnusCarlsen/status/1574482694406565888},
}

@misc{guerrafria_fischerspassky,
  author = {Michal Danovski},
  title = {Ajedrez de la guerra fria: Fischer vs Spassky},
  year = {2022},
  url = {https://octopuschess.com/articulo/131/ajedrez-de-la-guerra-fria-fischer-vs-spasski-},
}

@article{millan2012guerra,
  title={La Guerra Fr{\'\i}a y la carrera espacial. Un breve an{\'a}lisis hist{\'o}rico},
  author={Mill{\'a}n, Juan Manuel Le{\'o}n},
  journal={Pasaje a la Ciencia},
  pages={13--20},
  year={2012}
}

@book{kasparov2015winter,
  title={Winter is coming: Why Vladimir Putin and the enemies of the free world must be stopped},
  author={Kasparov, Garry},
  year={2015},
  publisher={Atlantic Books Ltd}
}

@misc{hansniemannnumbers,
    title = {The Hans Niemann case: Numbers – what they reveal and what they do not reveal},
    author = {Andrea Carta},
    year = {2022},
    url = {https://en.chessbase.com/post/the-hans-niemann-case-numbers-what-they-reveal-and-what-they-do-not-reveal},
}

@misc{cinco_campeones,
    title = {Palmarés olímpico de 5 campeones mundiales de ajedrez},
    author = {Blanco Hernández, Uvencio},
    year = {2023},
    url ={https://es.chessbase.com/post/palmares-olimpico-de-cinco-campeones-mundiales-de-ajedrez-por-uvencio-blanco-2},
}

@misc{olimpicos_sinajedrez,
    title = {El Ajedrez no va a ser disciplina olímpica tampoco en 2024},
    author = {Blanco Hernández, Uvencio},
    year = {2019},
    url ={https://es.chessbase.com/post/juegos-olimpicos-sin-ajedrez-en-paris-2024},
}

@misc{juegosasiaticos,
    author = {Ruiz, Danay},
    title = {Juegos Asiáticos 2023: 'Faker' eximido del servicio militar en Corea tras ganar oro en League of Legends},
    year = {2023},
    url = {https://larepublica.pe/cultura-asiatica/2023/09/30/juegos-asiaticos-2023-faker-eximido-del-servicio-militar-en-corea-tras-ganar-oro-en-league-of-legends-380940},

}

@article{de2014equilibrio,
  title={Equilibrio de Nash y resoluci{\'o}n de conflictos},
  author={de Medina, Maritza Vanegas and Pinillo, Jes{\'u}s Pascal},
  journal={Revista de Ciencias Sociales (Ve)},
  volume={20},
  number={4},
  pages={658--677},
  year={2014},
  publisher={Universidad del Zulia}
}

@InCollection{sep-church-turing,
	author       =	{Copeland, B. Jack},
	title        =	{{The Church-Turing Thesis}},
	booktitle    =	{The {Stanford} Encyclopedia of Philosophy},
	editor       =	{Edward N. Zalta and Uri Nodelman},
	howpublished =	{\url{https://plato.stanford.edu/archives/spr2024/entries/church-turing/}},
	year         =	{2024},
	edition      =	{{S}pring 2024},
	publisher    =	{Metaphysics Research Lab, Stanford University}
}